<?xml version="1.0" encoding="UTF-8"?><collection xmlns="http://www.loc.gov/MARC21/slim"><record><leader>00417nam--2200169-i-4500</leader><controlfield tag="001">000030230</controlfield><controlfield tag="002">20161230</controlfield><controlfield tag="005">20170127124427</controlfield><controlfield tag="008">060222s1000------------r-----000-0-eng-d</controlfield><datafield ind1=" " ind2=" " tag="080"><subfield code="a">523.841</subfield></datafield><datafield ind1=" " ind2=" " tag="100"><subfield code="a">Lundmark, Knut</subfield></datafield><datafield ind1=" " ind2=" " tag="245"><subfield code="a">Observations of novae</subfield></datafield><datafield ind1=" " ind2=" " tag="260"><subfield code="a">Paris</subfield><subfield code="b">Herman &amp; C-ie, Editeurs</subfield><subfield code="c">1941</subfield></datafield><datafield ind1=" " ind2=" " tag="300"><subfield code="a">141 p.+ 1 Fig</subfield></datafield><datafield ind1=" " ind2=" " tag="700"><subfield code="a">Gaposchkin, Serge</subfield></datafield><datafield ind1=" " ind2=" " tag="852"><subfield code="a">896</subfield></datafield><datafield ind1=" " ind2=" " tag="CAT"><subfield code="a">SYS</subfield><subfield code="c">20170127</subfield><subfield code="h">124427</subfield></datafield></record></collection>